@inproceedings{chaimowicz2003hybrid,
  title={Hybrid systems modeling of cooperative robots},
  author={Chaimowicz, Luiz and Campos, Mario Fernando Montenegro and Kumar, Vijay},
  booktitle={2003 IEEE International Conference on Robotics and Automation (Cat. No. 03CH37422)},
  volume={3},
  pages={4086--4091},
  year={2003},
  organization={IEEE}
}

@inproceedings{ro2019compositional,
  title={A compositional semantics of Simulink/Stateflow based on quantized state hybrid automata},
  author={Ro, Jin Woo and Malik, Avinash and Roop, Partha},
  booktitle={Proceedings of the 17th ACM-IEEE International Conference on Formal Methods and Models for System Design},
  pages={1},
  year={2019},
  organization={ACM}
}

@article{navarro2016deadness,
  title={Deadness and how to disprove liveness in hybrid dynamical systems},
  author={Navarro-L{\'o}pez, Eva M and Carter, Rebekah},
  journal={Theoretical Computer Science},
  volume={642},
  pages={1--23},
  year={2016},
  publisher={Elsevier}
}
